@ARTICLE{2013ApJS..208...19H,
    author = {{Hinshaw}, G. and {Larson}, D. and {Komatsu}, E. and {Spergel}, D.~N. and 
        {Bennett}, C.~L. and {Dunkley}, J. and {Nolta}, M.~R. and {Halpern}, M. and 
        {Hill}, R.~S. and {Odegard}, N. and {Page}, L. and {Smith}, K.~M. and 
        {Weiland}, J.~L. and {Gold}, B. and {Jarosik}, N. and {Kogut}, A. and 
        {Limon}, M. and {Meyer}, S.~S. and {Tucker}, G.~S. and {Wollack}, E. and 
        {Wright}, E.~L.},
    title = "{Nine-year Wilkinson Microwave Anisotropy Probe (WMAP) Observations: Cosmological
        Parameter Results}",
    journal = {\apjs},
    archivePrefix = "arXiv",
    eprint = {1212.5226},
    keywords = {cosmic background radiation, cosmology: observations, dark matter, early universe,
        instrumentation: detectors, space vehicles, space vehicles: instruments, telescopes },
    year = 2013,
    month = oct,
    volume = 208,
    eid = {19},
    pages = {19},
    doi = {10.1088/0067-0049/208/2/19},
    adsurl = {http://adsabs.harvard.edu/abs/2013ApJS..208...19H},
    adsnote = {Provided by the SAO/NASA Astrophysics Data System}
}

@ARTICLE{2011Natur.474..616M,
    author = {{Mortlock}, D.~J. and {Warren}, S.~J. and {Venemans}, B.~P. and 
        {Patel}, M. and {Hewett}, P.~C. and {McMahon}, R.~G. and {Simpson}, C. and 
        {Theuns}, T. and {Gonz{\'a}les-Solares}, E.~A. and {Adamson}, A. and 
        {Dye}, S. and {Hambly}, N.~C. and {Hirst}, P. and {Irwin}, M.~J. and 
        {Kuiper}, E. and {Lawrence}, A. and {R{\"o}ttgering}, H.~J.~A.
    },
    title = "{A luminous quasar at a redshift of z = 7.085}",
    journal = {\nat},
    archivePrefix = "arXiv",
    eprint = {1106.6088},
    primaryClass = "astro-ph.CO",
    year = 2011,
    month = jun,
    volume = 474,
    pages = {616-619},
    doi = {10.1038/nature10159},
    adsurl = {http://adsabs.harvard.edu/abs/2011Natur.474..616M},
    adsnote = {Provided by the SAO/NASA Astrophysics Data System}
}

@ARTICLE{2013ApJS..209....3K,
    author = {{Koekemoer}, A.~M. and {Ellis}, R.~S. and {McLure}, R.~J. and 
        {Dunlop}, J.~S. and {Robertson}, B.~E. and {Ono}, Y. and {Schenker}, M.~A. and 
        {Ouchi}, M. and {Bowler}, R.~A.~A. and {Rogers}, A.~B. and {Curtis-Lake}, E. and 
        {Schneider}, E. and {Charlot}, S. and {Stark}, D.~P. and {Furlanetto}, S.~R. and 
        {Cirasuolo}, M. and {Wild}, V. and {Targett}, T.},
    title = "{The 2012 Hubble Ultra Deep Field (UDF12): Observational Overview}",
    journal = {\apjs},
    archivePrefix = "arXiv",
    eprint = {1212.1448},
    keywords = {cosmology: observations, galaxies: high-redshift },
    year = 2013,
    month = nov,
    volume = 209,
    eid = {3},
    pages = {3},
    doi = {10.1088/0067-0049/209/1/3},
    adsurl = {http://adsabs.harvard.edu/abs/2013ApJS..209....3K},
    adsnote = {Provided by the SAO/NASA Astrophysics Data System}
}

@ARTICLE{2013ApJ...768...71R,
    author = {{Robertson}, B.~E. and {Furlanetto}, S.~R. and {Schneider}, E. and 
        {Charlot}, S. and {Ellis}, R.~S. and {Stark}, D.~P. and {McLure}, R.~J. and 
        {Dunlop}, J.~S. and {Koekemoer}, A. and {Schenker}, M.~A. and 
        {Ouchi}, M. and {Ono}, Y. and {Curtis-Lake}, E. and {Rogers}, A.~B. and 
        {Bowler}, R.~A.~A. and {Cirasuolo}, M.},
    title = "{New Constraints on Cosmic Reionization from the 2012 Hubble Ultra Deep Field Campaign}",
    journal = {\apj},
    archivePrefix = "arXiv",
    eprint = {1301.1228},
    keywords = {dark ages, reionization, first stars, galaxies: evolution, galaxies: formation},
    year = 2013,
    month = may,
    volume = 768,
    eid = {71},
    pages = {71},
    doi = {10.1088/0004-637X/768/1/71},
    adsurl = {http://adsabs.harvard.edu/abs/2013ApJ...768...71R},
    adsnote = {Provided by the SAO/NASA Astrophysics Data System}
}

@ARTICLE{2012RPPh...75h6901P,
    author = {{Pritchard}, J.~R. and {Loeb}, A.},
    title = "{21 cm cosmology in the 21st century}",
    journal = {Reports on Progress in Physics},
    archivePrefix = "arXiv",
    eprint = {1109.6012},
    year = 2012,
    month = aug,
    volume = 75,
    number = 8,
    eid = {086901},
    pages = {086901},
    doi = {10.1088/0034-4885/75/8/086901},
    adsurl = {http://adsabs.harvard.edu/abs/2012RPPh...75h6901P},
    adsnote = {Provided by the SAO/NASA Astrophysics Data System}
}

@ARTICLE{1958PIRE...46..240F,
    author = {{Field}, G.~B.},
    title = "{Excitation of the Hydrogen 21-CM Line}",
    journal = {Proceedings of the IRE},
    year = 1958,
    month = jan,
    volume = 46,
    pages = {240-250},
    doi = {10.1109/JRPROC.1958.286741},
    adsurl = {http://adsabs.harvard.edu/abs/1958PIRE...46..240F},
    adsnote = {Provided by the SAO/NASA Astrophysics Data System}
}

@ARTICLE{1952AJ.....57R..31W,
    author = {{Wouthuysen}, S.~A.},
    title = "{On the excitation mechanism of the 21-cm (radio-frequency) interstellar hydrogen emission line.}",
    journal = {\aj},
    year = 1952,
    volume = 57,
    pages = {31-32},
    doi = {10.1086/106661},
    adsurl = {http://adsabs.harvard.edu/abs/1952AJ.....57R..31W},
    adsnote = {Provided by the SAO/NASA Astrophysics Data System}
}

@ARTICLE{2014MNRAS.437L..36F,
    author = {{Fialkov}, A. and {Barkana}, R. and {Pinhas}, A. and {Visbal}, E.
    },
    title = "{Complete history of the observable 21 cm signal from the first stars during the pre-reionization era}",
    journal = {\mnras},
    archivePrefix = "arXiv",
    eprint = {1306.2354},
    keywords = {galaxies: formation, galaxies: high redshift, intergalactic medium, cosmology: theory},
    year = 2014,
    month = jan,
    volume = 437,
    pages = {L36-L40},
    doi = {10.1093/mnrasl/slt135},
    adsurl = {http://adsabs.harvard.edu/abs/2014MNRAS.437L..36F},
    adsnote = {Provided by the SAO/NASA Astrophysics Data System}
}

@ARTICLE{2010PhRvD..82h3520T,
    author = {{Tseliakhovich}, D. and {Hirata}, C.},
    title = "{Relative velocity of dark matter and baryonic fluids and the formation of the first structures}",
    journal = {\prd},
    archivePrefix = "arXiv",
    eprint = {1005.2416},
    keywords = {Superclusters, large-scale structure of the Universe, Observational cosmology},
    year = 2010,
    month = oct,
    volume = 82,
    number = 8,
    eid = {083520},
    pages = {083520},
    doi = {10.1103/PhysRevD.82.083520},
    adsurl = {http://adsabs.harvard.edu/abs/2010PhRvD..82h3520T},
    adsnote = {Provided by the SAO/NASA Astrophysics Data System}
}

@ARTICLE{2013MNRAS.432.2909F,
    author = {{Fialkov}, A. and {Barkana}, R. and {Visbal}, E. and {Tseliakhovich}, D. and 
        {Hirata}, C.~M.},
    title = "{The 21-cm signature of the first stars during the Lyman-Werner feedback era}",
    journal = {\mnras},
    archivePrefix = "arXiv",
    eprint = {1212.0513},
    primaryClass = "astro-ph.CO",
    keywords = {galaxies: formation, galaxies: high-redshift, intergalactic medium, cosmology: theory},
    year = 2013,
    month = jul,
    volume = 432,
    pages = {2909-2916},
    doi = {10.1093/mnras/stt650},
    adsurl = {http://adsabs.harvard.edu/abs/2013MNRAS.432.2909F},
    adsnote = {Provided by the SAO/NASA Astrophysics Data System}
}

@ARTICLE{2014ApJ...781...57S,
    author = {{Shaw}, J.~R. and {Sigurdson}, K. and {Pen}, U.-L. and {Stebbins}, A. and 
        {Sitwell}, M.},
    title = "{All-sky Interferometry with Spherical Harmonic Transit Telescopes}",
    journal = {\apj},
    archivePrefix = "arXiv",
    eprint = {1302.0327},
    primaryClass = "astro-ph.CO",
    keywords = {cosmology: observations, dark energy, large-scale structure of universe, methods: data analysis, radio continuum: general},
    year = 2014,
    month = feb,
    volume = 781,
    eid = {57},
    pages = {57},
    doi = {10.1088/0004-637X/781/2/57},
    adsurl = {http://adsabs.harvard.edu/abs/2014ApJ...781...57S},
    adsnote = {Provided by the SAO/NASA Astrophysics Data System}
}

@ARTICLE{2015PhRvD..91h3514S,
    author = {{Shaw}, J.~R. and {Sigurdson}, K. and {Sitwell}, M. and {Stebbins}, A. and 
        {Pen}, U.-L.},
    title = "{Coaxing cosmic 21 cm fluctuations from the polarized sky using m -mode analysis}",
    journal = {\prd},
    archivePrefix = "arXiv",
    eprint = {1401.2095},
    keywords = {Cosmology, Observational cosmology},
    year = 2015,
    month = apr,
    volume = 91,
    number = 8,
    eid = {083514},
    pages = {083514},
    doi = {10.1103/PhysRevD.91.083514},
    adsurl = {http://adsabs.harvard.edu/abs/2015PhRvD..91h3514S},
    adsnote = {Provided by the SAO/NASA Astrophysics Data System}
}

@ARTICLE{2015ApJ...809...61A,
    author = {{Ali}, Z.~S. and {Parsons}, A.~R. and {Zheng}, H. and {Pober}, J.~C. and 
        {Liu}, A. and {Aguirre}, J.~E. and {Bradley}, R.~F. and {Bernardi}, G. and 
        {Carilli}, C.~L. and {Cheng}, C. and {DeBoer}, D.~R. and {Dexter}, M.~R. and 
        {Grobbelaar}, J. and {Horrell}, J. and {Jacobs}, D.~C. and {Klima}, P. and 
        {MacMahon}, D.~H.~E. and {Maree}, M. and {Moore}, D.~F. and 
        {Razavi}, N. and {Stefan}, I.~I. and {Walbrugh}, W.~P. and {Walker}, A.
    },
    title = "{PAPER-64 Constraints on Reionization: The 21 cm Power Spectrum at z = 8.4}",
    journal = {\apj},
    archivePrefix = "arXiv",
    eprint = {1502.06016},
    keywords = {cosmology: observations, dark ages, reionization, first stars, early universe, instrumentation: interferometers, intergalactic medium},
    year = 2015,
    month = aug,
    volume = 809,
    eid = {61},
    pages = {61},
    doi = {10.1088/0004-637X/809/1/61},
    adsurl = {http://adsabs.harvard.edu/abs/2015ApJ...809...61A},
    adsnote = {Provided by the SAO/NASA Astrophysics Data System}
}

@ARTICLE{2014ApJ...788..106P,
    author = {{Parsons}, A.~R. and {Liu}, A. and {Aguirre}, J.~E. and {Ali}, Z.~S. and 
        {Bradley}, R.~F. and {Carilli}, C.~L. and {DeBoer}, D.~R. and 
        {Dexter}, M.~R. and {Gugliucci}, N.~E. and {Jacobs}, D.~C. and 
        {Klima}, P. and {MacMahon}, D.~H.~E. and {Manley}, J.~R. and 
        {Moore}, D.~F. and {Pober}, J.~C. and {Stefan}, I.~I. and {Walbrugh}, W.~P.
    },
    title = "{New Limits on 21 cm Epoch of Reionization from PAPER-32 Consistent with an X-Ray Heated Intergalactic Medium at z = 7.7}",
    journal = {\apj},
    archivePrefix = "arXiv",
    eprint = {1304.4991},
    keywords = {cosmology: observations, dark ages, reionization, first stars, early universe, instrumentation: interferometers, intergalactic medium, radio continuum: general},
    year = 2014,
    month = jun,
    volume = 788,
    eid = {106},
    pages = {106},
    doi = {10.1088/0004-637X/788/2/106},
    adsurl = {http://adsabs.harvard.edu/abs/2014ApJ...788..106P},
    adsnote = {Provided by the SAO/NASA Astrophysics Data System}
}

@ARTICLE{2016MNRAS.460.4320E,
    author = {{Ewall-Wice}, A. and {Dillon}, J.~S. and {Hewitt}, J.~N. and 
        {Loeb}, A. and {Mesinger}, A. and {Neben}, A.~R. and {Offringa}, A.~R. and 
        {Tegmark}, M. and {Barry}, N. and {Beardsley}, A.~P. and {Bernardi}, G. and 
        {Bowman}, J.~D. and {Briggs}, F. and {Cappallo}, R.~J. and {Carroll}, P. and 
        {Corey}, B.~E. and {de Oliveira-Costa}, A. and {Emrich}, D. and 
        {Feng}, L. and {Gaensler}, B.~M. and {Goeke}, R. and {Greenhill}, L.~J. and 
        {Hazelton}, B.~J. and {Hurley-Walker}, N. and {Johnston-Hollitt}, M. and 
        {Jacobs}, D.~C. and {Kaplan}, D.~L. and {Kasper}, J.~C. and 
        {Kim}, H. and {Kratzenberg}, E. and {Lenc}, E. and {Line}, J. and 
        {Lonsdale}, C.~J. and {Lynch}, M.~J. and {McKinley}, B. and 
        {McWhirter}, S.~R. and {Mitchell}, D.~A. and {Morales}, M.~F. and 
        {Morgan}, E. and {Thyagarajan}, N. and {Oberoi}, D. and {Ord}, S.~M. and 
        {Paul}, S. and {Pindor}, B. and {Pober}, J.~C. and {Prabu}, T. and 
        {Procopio}, P. and {Riding}, J. and {Rogers}, A.~E.~E. and {Roshi}, A. and 
        {Shankar}, N.~U. and {Sethi}, S.~K. and {Srivani}, K.~S. and 
        {Subrahmanyan}, R. and {Sullivan}, I.~S. and {Tingay}, S.~J. and 
        {Trott}, C.~M. and {Waterson}, M. and {Wayth}, R.~B. and {Webster}, R.~L. and 
        {Whitney}, A.~R. and {Williams}, A. and {Williams}, C.~L. and 
        {Wu}, C. and {Wyithe}, J.~S.~B.},
    title = "{First limits on the 21 cm power spectrum during the Epoch of X-ray heating}",
    journal = {\mnras},
    archivePrefix = "arXiv",
    eprint = {1605.00016},
    keywords = {techniques: interferometric, dark ages, reionization, first stars, radio lines: general, X-rays: galaxies},
    year = 2016,
    month = aug,
    volume = 460,
    pages = {4320-4347},
    doi = {10.1093/mnras/stw1022},
    adsurl = {http://adsabs.harvard.edu/abs/2016MNRAS.460.4320E},
    adsnote = {Provided by the SAO/NASA Astrophysics Data System}
}

@ARTICLE{2016arXiv160507619P,
    author = {{Patil}, A.~H. and {Yatawatta}, S. and {Zaroubi}, S. and {Koopmans}, L.~V.~E. and 
        {de Bruyn}, A.~G. and {Jeli{\'c}}, V. and {Ciardi}, B. and {Iliev}, I.~T. and 
        {Mevius}, M. and {Pandey}, V.~N. and {Gehlot}, B.~K.},
    title = "{Systematic biases in low frequency radio interferometric data due to calibration: the LOFAR EoR case}",
    journal = {ArXiv e-prints},
    archivePrefix = "arXiv",
    eprint = {1605.07619},
    primaryClass = "astro-ph.IM",
    keywords = {Astrophysics - Instrumentation and Methods for Astrophysics, Astrophysics - Cosmology and Nongalactic Astrophysics},
    year = 2016,
    month = may,
    adsurl = {http://adsabs.harvard.edu/abs/2016arXiv160507619P},
    adsnote = {Provided by the SAO/NASA Astrophysics Data System}
}

@ARTICLE{2008MNRAS.388..247D,
    author = {{de Oliveira-Costa}, A. and {Tegmark}, M. and {Gaensler}, B.~M. and 
        {Jonas}, J. and {Landecker}, T.~L. and {Reich}, P.},
    title = "{A model of diffuse Galactic radio emission from 10 MHz to 100 GHz}",
    journal = {\mnras},
    archivePrefix = "arXiv",
    eprint = {0802.1525},
    keywords = {methods: data analysis , astronomical data bases: miscellaneous , ISM: structure , diffuse radiation , radio continuum: ISM},
    year = 2008,
    month = jul,
    volume = 388,
    pages = {247-260},
    doi = {10.1111/j.1365-2966.2008.13376.x},
    adsurl = {http://adsabs.harvard.edu/abs/2008MNRAS.388..247D},
    adsnote = {Provided by the SAO/NASA Astrophysics Data System}
}

@ARTICLE{1981A&A...100..209H,
    author = {{Haslam}, C.~G.~T. and {Klein}, U. and {Salter}, C.~J. and {Stoffel}, H. and 
        {Wilson}, W.~E. and {Cleary}, M.~N. and {Cooke}, D.~J. and {Thomasson}, P.
    },
    title = "{A 408 MHz all-sky continuum survey. I - Observations at southern declinations and for the North Polar region}",
    journal = {\aap},
    keywords = {All Sky Photography, Continuous Spectra, Galactic Structure, Radio Astronomy, Astronomical Maps, Calibrating, Data Reduction, Northern Hemisphere, Very High Frequencies},
    year = 1981,
    month = jul,
    volume = 100,
    pages = {209-219},
    adsurl = {http://adsabs.harvard.edu/abs/1981A%26A...100..209H},
    adsnote = {Provided by the SAO/NASA Astrophysics Data System}
}

@ARTICLE{1982A&AS...47....1H,
    author = {{Haslam}, C.~G.~T. and {Salter}, C.~J. and {Stoffel}, H. and 
        {Wilson}, W.~E.},
    title = "{A 408 MHz all-sky continuum survey. II - The atlas of contour maps}",
    journal = {\aaps},
    keywords = {Astronomical Maps, Radio Astronomy, Ultrahigh Frequencies, Galactic Structure, Radio Telescopes, Relief Maps},
    year = 1982,
    month = jan,
    volume = 47,
    pages = {1},
    adsurl = {http://adsabs.harvard.edu/abs/1982A%26AS...47....1H},
    adsnote = {Provided by the SAO/NASA Astrophysics Data System}
}

@ARTICLE{1999ApJ...524..867F,
    author = {{Finkbeiner}, D.~P. and {Davis}, M. and {Schlegel}, D.~J.},
    title = "{Extrapolation of Galactic Dust Emission at 100 Microns to Cosmic Microwave Background Radiation Frequencies Using FIRAS}",
    journal = {\apj},
    eprint = {astro-ph/9905128},
    keywords = {ISM: DUST, EXTINCTION, INFRARED: ISM: CONTINUUM, SUBMILLIMETER, ISM: Dust, Extinction, Infrared: ISM: Continuum, Submillimeter},
    year = 1999,
    month = oct,
    volume = 524,
    pages = {867-886},
    doi = {10.1086/307852},
    adsurl = {http://adsabs.harvard.edu/abs/1999ApJ...524..867F},
    adsnote = {Provided by the SAO/NASA Astrophysics Data System}
}

@ARTICLE{2003ApJS..146..407F,
    author = {{Finkbeiner}, D.~P.},
    title = "{A Full-Sky H{$\alpha$} Template for Microwave Foreground Prediction}",
    journal = {\apjs},
    eprint = {astro-ph/0301558},
    keywords = {ISM: Dust, Extinction, ISM: H II Regions, ISM: Clouds},
    year = 2003,
    month = jun,
    volume = 146,
    pages = {407-415},
    doi = {10.1086/374411},
    adsurl = {http://adsabs.harvard.edu/abs/2003ApJS..146..407F},
    adsnote = {Provided by the SAO/NASA Astrophysics Data System}
}

@ARTICLE{2016A&A...585A..41W,
    author = {{Winkel}, B. and {Kerp}, J. and {Fl{\"o}er}, L. and {Kalberla}, P.~M.~W. and 
        {Ben Bekhti}, N. and {Keller}, R. and {Lenz}, D.},
    title = "{The Effelsberg-Bonn H i Survey: Milky Way gas. First data release}",
    journal = {\aap},
    archivePrefix = "arXiv",
    eprint = {1512.05348},
    primaryClass = "astro-ph.IM",
    keywords = {surveys, ISM: atoms, techniques: spectroscopic},
    year = 2016,
    month = jan,
    volume = 585,
    eid = {A41},
    pages = {A41},
    doi = {10.1051/0004-6361/201527007},
    adsurl = {http://adsabs.harvard.edu/abs/2016A%26A...585A..41W},
    adsnote = {Provided by the SAO/NASA Astrophysics Data System}
}

@ARTICLE{2008ISTSP...2..707M,
    author = {{Mitchell}, D.~A. and {Greenhill}, L.~J. and {Wayth}, R.~B. and 
        {Sault}, R.~J. and {Lonsdale}, C.~J. and {Cappallo}, R.~J. and 
        {Morales}, M.~F. and {Ord}, S.~M.},
    title = "{Real-Time Calibration of the Murchison Widefield Array}",
    journal = {IEEE Journal of Selected Topics in Signal Processing},
    year = 2008,
    month = nov,
    volume = 2,
    pages = {707-717},
    doi = {10.1109/JSTSP.2008.2005327},
    adsurl = {http://adsabs.harvard.edu/abs/2008ISTSP...2..707M},
    adsnote = {Provided by the SAO/NASA Astrophysics Data System}
}

@ARTICLE{2014A&A...571A..97S,
    author = {{Salvini}, S. and {Wijnholds}, S.~J.},
    title = "{Fast gain calibration in radio astronomy using alternating direction implicit methods: Analysis and applications}",
    journal = {\aap},
    archivePrefix = "arXiv",
    eprint = {1410.2101},
    primaryClass = "astro-ph.IM",
    keywords = {instrumentation: interferometers, methods: numerical, methods: statistical, techniques: interferometric},
    year = 2014,
    month = nov,
    volume = 571,
    eid = {A97},
    pages = {A97},
    doi = {10.1051/0004-6361/201424487},
    adsurl = {http://adsabs.harvard.edu/abs/2014A%26A...571A..97S},
    adsnote = {Provided by the SAO/NASA Astrophysics Data System}
}

@ARTICLE{2012ApJ...756..165P,
    author = {{Parsons}, A.~R. and {Pober}, J.~C. and {Aguirre}, J.~E. and 
        {Carilli}, C.~L. and {Jacobs}, D.~C. and {Moore}, D.~F.},
    title = "{A Per-baseline, Delay-spectrum Technique for Accessing the 21 cm Cosmic Reionization Signature}",
    journal = {\apj},
    archivePrefix = "arXiv",
    eprint = {1204.4749},
    primaryClass = "astro-ph.IM",
    keywords = {cosmology: observations, instrumentation: interferometers, radio continuum: general, site testing, techniques: interferometric, telescopes},
    year = 2012,
    month = sep,
    volume = 756,
    eid = {165},
    pages = {165},
    doi = {10.1088/0004-637X/756/2/165},
    adsurl = {http://adsabs.harvard.edu/abs/2012ApJ...756..165P},
    adsnote = {Provided by the SAO/NASA Astrophysics Data System}
}

@ARTICLE{2015ApJ...804...14T,
    author = {{Thyagarajan}, N. and {Jacobs}, D.~C. and {Bowman}, J.~D. and 
        {Barry}, N. and {Beardsley}, A.~P. and {Bernardi}, G. and {Briggs}, F. and 
        {Cappallo}, R.~J. and {Carroll}, P. and {Corey}, B.~E. and {de Oliveira-Costa}, A. and 
        {Dillon}, J.~S. and {Emrich}, D. and {Ewall-Wice}, A. and {Feng}, L. and 
        {Goeke}, R. and {Greenhill}, L.~J. and {Hazelton}, B.~J. and 
        {Hewitt}, J.~N. and {Hurley-Walker}, N. and {Johnston-Hollitt}, M. and 
        {Kaplan}, D.~L. and {Kasper}, J.~C. and {Kim}, H.-S. and {Kittiwisit}, P. and 
        {Kratzenberg}, E. and {Lenc}, E. and {Line}, J. and {Loeb}, A. and 
        {Lonsdale}, C.~J. and {Lynch}, M.~J. and {McKinley}, B. and 
        {McWhirter}, S.~R. and {Mitchell}, D.~A. and {Morales}, M.~F. and 
        {Morgan}, E. and {Neben}, A.~R. and {Oberoi}, D. and {Offringa}, A.~R. and 
        {Ord}, S.~M. and {Paul}, S. and {Pindor}, B. and {Pober}, J.~C. and 
        {Prabu}, T. and {Procopio}, P. and {Riding}, J. and {Rogers}, A.~E.~E. and 
        {Roshi}, A. and {Udaya Shankar}, N. and {Sethi}, S.~K. and {Srivani}, K.~S. and 
        {Subrahmanyan}, R. and {Sullivan}, I.~S. and {Tegmark}, M. and 
        {Tingay}, S.~J. and {Trott}, C.~M. and {Waterson}, M. and {Wayth}, R.~B. and 
        {Webster}, R.~L. and {Whitney}, A.~R. and {Williams}, A. and 
        {Williams}, C.~L. and {Wu}, C. and {Wyithe}, J.~S.~B.},
    title = "{Foregrounds in Wide-field Redshifted 21 cm Power Spectra}",
    journal = {\apj},
    archivePrefix = "arXiv",
    eprint = {1502.07596},
    primaryClass = "astro-ph.IM",
    keywords = {cosmology: observations, dark ages, reionization, first stars, large-scale structure of universe, methods: statistical, radio continuum: galaxies, techniques: interferometric},
    year = 2015,
    month = may,
    volume = 804,
    eid = {14},
    pages = {14},
    doi = {10.1088/0004-637X/804/1/14},
    adsurl = {http://adsabs.harvard.edu/abs/2015ApJ...804...14T},
    adsnote = {Provided by the SAO/NASA Astrophysics Data System}
}

@ARTICLE{2014MNRAS.444..606O,
    author = {{Offringa}, A.~R. and {McKinley}, B. and {Hurley-Walker}, N. and 
        {Briggs}, F.~H. and {Wayth}, R.~B. and {Kaplan}, D.~L. and {Bell}, M.~E. and 
        {Feng}, L. and {Neben}, A.~R. and {Hughes}, J.~D. and {Rhee}, J. and 
        {Murphy}, T. and {Bhat}, N.~D.~R. and {Bernardi}, G. and {Bowman}, J.~D. and 
        {Cappallo}, R.~J. and {Corey}, B.~E. and {Deshpande}, A.~A. and 
        {Emrich}, D. and {Ewall-Wice}, A. and {Gaensler}, B.~M. and 
        {Goeke}, R. and {Greenhill}, L.~J. and {Hazelton}, B.~J. and 
        {Hindson}, L. and {Johnston-Hollitt}, M. and {Jacobs}, D.~C. and 
        {Kasper}, J.~C. and {Kratzenberg}, E. and {Lenc}, E. and {Lonsdale}, C.~J. and 
        {Lynch}, M.~J. and {McWhirter}, S.~R. and {Mitchell}, D.~A. and 
        {Morales}, M.~F. and {Morgan}, E. and {Kudryavtseva}, N. and 
        {Oberoi}, D. and {Ord}, S.~M. and {Pindor}, B. and {Procopio}, P. and 
        {Prabu}, T. and {Riding}, J. and {Roshi}, D.~A. and {Shankar}, N.~U. and 
        {Srivani}, K.~S. and {Subrahmanyan}, R. and {Tingay}, S.~J. and 
        {Waterson}, M. and {Webster}, R.~L. and {Whitney}, A.~R. and 
        {Williams}, A. and {Williams}, C.~L.},
    title = "{WSCLEAN: an implementation of a fast, generic wide-field imager for radio astronomy}",
    journal = {\mnras},
    archivePrefix = "arXiv",
    eprint = {1407.1943},
    primaryClass = "astro-ph.IM",
    keywords = {instrumentation: interferometers, methods: observational, techniques: interferometric, radio continuum: general},
    year = 2014,
    month = oct,
    volume = 444,
    pages = {606-619},
    doi = {10.1093/mnras/stu1368},
    adsurl = {http://adsabs.harvard.edu/abs/2014MNRAS.444..606O},
    adsnote = {Provided by the SAO/NASA Astrophysics Data System}
}

@ARTICLE{1997PhRvD..55.5895T,
    author = {{Tegmark}, M.},
    title = "{How to measure CMB power spectra without losing information}",
    journal = {\prd},
    eprint = {astro-ph/9611174},
    keywords = {Background radiations, Origin and formation of the Universe, Observational cosmology},
    year = 1997,
    month = may,
    volume = 55,
    pages = {5895-5907},
    doi = {10.1103/PhysRevD.55.5895},
    adsurl = {http://adsabs.harvard.edu/abs/1997PhRvD..55.5895T},
    adsnote = {Provided by the SAO/NASA Astrophysics Data System}
}

@ARTICLE{2006PhR...433..181F,
    author = {{Furlanetto}, S.~R. and {Oh}, S.~P. and {Briggs}, F.~H.},
    title = "{Cosmology at low frequencies: The 21 cm transition and the high-redshift Universe}",
    journal = {\physrep},
    eprint = {astro-ph/0608032},
    year = 2006,
    month = oct,
    volume = 433,
    pages = {181-301},
    doi = {10.1016/j.physrep.2006.08.002},
    adsurl = {http://adsabs.harvard.edu/abs/2006PhR...433..181F},
    adsnote = {Provided by the SAO/NASA Astrophysics Data System}
}

@ARTICLE{2012ApJ...745..176V,
    author = {{Vedantham}, H. and {Udaya Shankar}, N. and {Subrahmanyan}, R.
    },
    title = "{Imaging the Epoch of Reionization: Limitations from Foreground Confusion and Imaging Algorithms}",
    journal = {\apj},
    archivePrefix = "arXiv",
    eprint = {1106.1297},
    primaryClass = "astro-ph.IM",
    keywords = {cosmology: observations, methods: analytical, methods: data analysis, techniques: interferometric},
    year = 2012,
    month = feb,
    volume = 745,
    eid = {176},
    pages = {176},
    doi = {10.1088/0004-637X/745/2/176},
    adsurl = {http://adsabs.harvard.edu/abs/2012ApJ...745..176V},
    adsnote = {Provided by the SAO/NASA Astrophysics Data System}
}

@ARTICLE{2016arXiv160607473D,
    author = {{DeBoer}, D.~R. and {Parsons}, A.~R. and {Aguirre}, J.~E. and 
        {Alexander}, P. and {Ali}, Z.~S. and {Beardsley}, A.~P. and 
        {Bernardi}, G. and {Bowman}, J.~D. and {Bradley}, R.~F. and 
        {Carilli}, C.~L. and {Cheng}, C. and {de Lera Acedo}, E. and 
        {Dillon}, J.~S. and {Ewall-Wice}, A. and {Fadana}, G. and {Fagnoni}, N. and 
        {Fritz}, R. and {Furlanetto}, S.~R. and {Glendenning}, B. and 
        {Greig}, B. and {Grobbelaar}, J. and {Hazelton}, B.~J. and {Hewitt}, J.~N. and 
        {Hickish}, J. and {Jacobs}, D.~C. and {Julius}, A. and {Kariseb}, M. and 
        {Kohn}, S.~A. and {Lekalake}, T. and {Liu}, A. and {Loots}, A. and 
        {MacMahon}, D. and {Malan}, L. and {Malgas}, C. and {Maree}, M. and 
        {Mathison}, N. and {Matsetela}, E. and {Mesinger}, A. and {Morales}, M.~F. and 
        {Neben}, A.~R. and {Patra}, N. and {Pieterse}, S. and {Pober}, J.~C. and 
        {Razavi-Ghods}, N. and {Ringuette}, J. and {Robnett}, J. and 
        {Rosie}, K. and {Sell}, R. and {Smith}, C. and {Syce}, A. and 
        {Tegmark}, M. and {Thyagarajan}, N. and {Williams}, P.~K.~G. and 
        {Zheng}, H.},
    title = "{Hydrogen Epoch of Reionization Array (HERA)}",
    journal = {ArXiv e-prints},
    archivePrefix = "arXiv",
    eprint = {1606.07473},
    primaryClass = "astro-ph.IM",
    keywords = {Astrophysics - Instrumentation and Methods for Astrophysics, Astrophysics - Cosmology and Nongalactic Astrophysics},
    year = 2016,
    month = jun,
    adsurl = {http://adsabs.harvard.edu/abs/2016arXiv160607473D},
    adsnote = {Provided by the SAO/NASA Astrophysics Data System}
}

@ARTICLE{2012RaSc...47.0K04L,
    author = {{Lane}, W.~M. and {Cotton}, W.~D. and {Helmboldt}, J.~F. and 
        {Kassim}, N.~E.},
    title = "{VLSS redux: Software improvements applied to the Very Large Array Low-Frequency Sky Survey}",
    journal = {Radio Science},
    archivePrefix = "arXiv",
    eprint = {1205.4695},
    primaryClass = "astro-ph.IM",
    keywords = {ionospheric calibration, low-frequency radio astronomy, surveys},
    year = 2012,
    month = jan,
    volume = 47,
    eid = {RS0K04},
    pages = {RS0K04},
    doi = {10.1029/2011RS004941},
    adsurl = {http://adsabs.harvard.edu/abs/2012RaSc...47.0K04L},
    adsnote = {Provided by the SAO/NASA Astrophysics Data System}
}

@ARTICLE{2013AJ....145...65P,
    author = {{Pober}, J.~C. and {Parsons}, A.~R. and {DeBoer}, D.~R. and 
        {McDonald}, P. and {McQuinn}, M. and {Aguirre}, J.~E. and {Ali}, Z. and 
        {Bradley}, R.~F. and {Chang}, T.-C. and {Morales}, M.~F.},
    title = "{The Baryon Acoustic Oscillation Broadband and Broad-beam Array: Design Overview and Sensitivity Forecasts}",
    journal = {\aj},
    archivePrefix = "arXiv",
    eprint = {1210.2413},
    keywords = {cosmological parameters, distance scale, instrumentation: interferometers, large-scale structure of universe, techniques: interferometric },
    year = 2013,
    month = mar,
    volume = 145,
    eid = {65},
    pages = {65},
    doi = {10.1088/0004-6256/145/3/65},
    adsurl = {http://adsabs.harvard.edu/abs/2013AJ....145...65P},
    adsnote = {Provided by the SAO/NASA Astrophysics Data System}
}

@ARTICLE{2014ApJ...782...66P,
    author = {{Pober}, J.~C. and {Liu}, A. and {Dillon}, J.~S. and {Aguirre}, J.~E. and 
        {Bowman}, J.~D. and {Bradley}, R.~F. and {Carilli}, C.~L. and 
        {DeBoer}, D.~R. and {Hewitt}, J.~N. and {Jacobs}, D.~C. and 
        {McQuinn}, M. and {Morales}, M.~F. and {Parsons}, A.~R. and 
        {Tegmark}, M. and {Werthimer}, D.~J.},
    title = "{What Next-generation 21 cm Power Spectrum Measurements can Teach us About the Epoch of Reionization}",
    journal = {\apj},
    archivePrefix = "arXiv",
    eprint = {1310.7031},
    keywords = {dark ages, reionization, first stars, techniques: interferometric},
    year = 2014,
    month = feb,
    volume = 782,
    eid = {66},
    pages = {66},
    doi = {10.1088/0004-637X/782/2/66},
    adsurl = {http://adsabs.harvard.edu/abs/2014ApJ...782...66P},
    adsnote = {Provided by the SAO/NASA Astrophysics Data System}
}

@INPROCEEDINGS{2014SPIE.9145E..22B,
    author = {{Bandura}, K. and {Addison}, G.~E. and {Amiri}, M. and {Bond}, J.~R. and 
        {Campbell-Wilson}, D. and {Connor}, L. and {Cliche}, J.-F. and 
        {Davis}, G. and {Deng}, M. and {Denman}, N. and {Dobbs}, M. and 
        {Fandino}, M. and {Gibbs}, K. and {Gilbert}, A. and {Halpern}, M. and 
        {Hanna}, D. and {Hincks}, A.~D. and {Hinshaw}, G. and {H{\"o}fer}, C. and 
        {Klages}, P. and {Landecker}, T.~L. and {Masui}, K. and {Mena Parra}, J. and 
        {Newburgh}, L.~B. and {Pen}, U.-l. and {Peterson}, J.~B. and 
        {Recnik}, A. and {Shaw}, J.~R. and {Sigurdson}, K. and {Sitwell}, M. and 
        {Smecher}, G. and {Smegal}, R. and {Vanderlinde}, K. and {Wiebe}, D.
    },
    title = "{Canadian Hydrogen Intensity Mapping Experiment (CHIME) pathfinder}",
    booktitle = {Ground-based and Airborne Telescopes V},
    year = 2014,
    series = {\procspie},
    volume = 9145,
    archivePrefix = "arXiv",
    eprint = {1406.2288},
    primaryClass = "astro-ph.IM",
    month = jul,
    eid = {914522},
    pages = {914522},
    doi = {10.1117/12.2054950},
    adsurl = {http://adsabs.harvard.edu/abs/2014SPIE.9145E..22B},
    adsnote = {Provided by the SAO/NASA Astrophysics Data System}
}

@ARTICLE{2016arXiv160905940P,
    author = {{Perley}, R.~A. and {Butler}, B.~J.},
    title = "{An Accurate Flux Density Scale from 50 MHz to 50 GHz}",
    journal = {ArXiv e-prints},
    archivePrefix = "arXiv",
    eprint = {1609.05940},
    primaryClass = "astro-ph.IM",
    keywords = {Astrophysics - Instrumentation and Methods for Astrophysics},
    year = 2016,
    month = sep,
    adsurl = {http://adsabs.harvard.edu/abs/2016arXiv160905940P},
    adsnote = {Provided by the SAO/NASA Astrophysics Data System}
}

@ARTICLE{2015MNRAS.449.2668S,
    author = {{Smirnov}, O.~M. and {Tasse}, C.},
    title = "{Radio interferometric gain calibration as a complex optimization problem}",
    journal = {\mnras},
    archivePrefix = "arXiv",
    eprint = {1502.06974},
    primaryClass = "astro-ph.IM",
    keywords = {instrumentation: interferometers, methods: analytical, methods:
                numerical, techniques: interferometric},
    year = 2015,
    month = may,
    volume = 449,
    pages = {2668-2684},
    doi = {10.1093/mnras/stv418},
    adsurl = {http://adsabs.harvard.edu/abs/2015MNRAS.449.2668S},
    adsnote = {Provided by the SAO/NASA Astrophysics Data System}
}

@article{BEKS14,
    Abstract = {The Julia programming language is gaining enormous popularity. Julia was designed to be easy and fast. Most importantly, Julia shatters deeply established notions widely held in the applied community:

                1. High-level, dynamic code has to be slow by some sort of law of nature.
                2. It is sensible to prototype in one language and then recode in another language.
                3. There are parts of a system for the programmer, and other parts best left untouched as they are built by the experts.

                Julia began with a deep understanding of the needs of the scientific programmer and the needs of the computer in mind. Bridging cultures that have often been distant, Julia combines expertise from computer science and computational science creating a new approach to scientific computing. This note introduces the programmer to the language and the underlying design theory. It invites the reader to rethink the fundamental foundations of numerical computing systems.

                In particular, there is the fascinating dance between specialization and abstraction. Specialization allows for custom treatment. We can pick just the right algorithm for the right circumstance and this can happen at runtime based on argument types (code selection via multiple dispatch). Abstraction recognizes what remains the same after differences are stripped away and ignored as irrelevant. The recognition of abstraction allows for code reuse (generic programming). A simple idea that yields incredible power. The Julia design facilitates this interplay in many explicit and subtle ways for machine performance and, most importantly, human convenience.},
    Eprinttype = {arXiv},
    Author = {Jeff Bezanson and Alan Edelman and Stefan Karpinski and Viral B. Shah},
    Eprint = {1411.1607},
    Month = {November},
    Eprintclass = {cs.MS},
    Title = {{J}ulia: A Fresh Approach to Numerical Computing},
    Year = {2014}}

@ARTICLE{2017MNRAS.465.2901Z,
    author = {{Zheng}, H. and {Tegmark}, M. and {Dillon}, J.~S. and {Liu}, A. and 
              {Neben}, A.~R. and {Tribiano}, S.~M. and {Bradley}, R.~F. and 
              {Buza}, V. and {Ewall-Wice}, A. and {Gharibyan}, H. and {Hickish}, J. and 
              {Kunz}, E. and {Losh}, J. and {Lutomirski}, A. and {Morgan}, E. and 
              {Narayanan}, S. and {Perko}, A. and {Rosner}, D. and {Sanchez}, N.
              and 
              {Schutz}, K. and {Valdez}, M. and {Villasenor}, J. and {Yang},
              H. and 
              {Zarb Adami}, K. and {Zelko}, I. and {Zheng}, K.},
    title = "{Brute-force mapmaking with compact interferometers: a MITEoR northern sky map from
              128 to 175 MHz}",
    journal = {\mnras},
    archivePrefix = "arXiv",
    eprint = {1605.03980},
    primaryClass = "astro-ph.IM",
    year = 2017,
    month = mar,
    volume = 465,
    pages = {2901-2915},
    doi = {10.1093/mnras/stw2910},
    adsurl = {http://adsabs.harvard.edu/abs/2017MNRAS.465.2901Z},
    adsnote = {Provided by the SAO/NASA Astrophysics Data System}
}

@ARTICLE{2017MNRAS.464.3486Z,
    author = {{Zheng}, H. and {Tegmark}, M. and {Dillon}, J.~S. and {Kim}, D.~A. and 
              {Liu}, A. and {Neben}, A.~R. and {Jonas}, J. and {Reich}, P. and 
              {Reich}, W.},
    title = "{An improved model of diffuse galactic radio emission from 10 MHz to 5 THz}",
    journal = {\mnras},
    archivePrefix = "arXiv",
    eprint = {1605.04920},
    keywords = {radiation mechanisms: general, methods: data analysis, techniques:
                interferometric, cosmic background radiation, radio continuum: general,
                radio lines: general},
    year = 2017,
    month = jan,
    volume = 464,
    pages = {3486-3497},
    doi = {10.1093/mnras/stw2525},
    adsurl = {http://adsabs.harvard.edu/abs/2017MNRAS.464.3486Z},
    adsnote = {Provided by the SAO/NASA Astrophysics Data System}
}

@MISC{nlopt,
    author = {{Johnson}, Steven G.},
    title = {The NLopt nonlinear-optimization package},
    howpublished = {\url{http://ab-initio.mit.edu/nlopt}},
    year = 2008,
    month = nov
}

@PHDTHESIS{sbplx,
    author = {{Rowan}, Tom},
    title = {Functional Stability Analysis of Numerical Algorithms},
    school = {Department of Computer Sciences, University of Texas at Austin},
    year = 1990
}

@ARTICLE{2011A&A...525A.138G,
    author = {{Guzm{\'a}n}, A.~E. and {May}, J. and {Alvarez}, H. and {Maeda}, K.
              },
    title = "{All-sky Galactic radiation at 45 MHz and spectral index between 45 and 408 MHz}",
    journal = {\aap},
    archivePrefix = "arXiv",
    eprint = {1011.4298},
    primaryClass = "astro-ph.GA",
    keywords = {Galaxy: structure, radio continuum: ISM, radiation mechanisms:
                non-thermal, ISM: magnetic fields, cosmic rays},
    year = 2011,
    month = jan,
    volume = 525,
    eid = {A138},
    pages = {A138},
    doi = {10.1051/0004-6361/200913628},
    adsurl = {http://adsabs.harvard.edu/abs/2011A%26A...525A.138G},
    adsnote = {Provided by the SAO/NASA Astrophysics Data System}
}

@ARTICLE{2012AJ....143...53P,
    author = {{Pober}, J.~C. and {Parsons}, A.~R. and {Jacobs}, D.~C. and 
              {Aguirre}, J.~E. and {Bradley}, R.~F. and {Carilli}, C.~L. and 
              {Gugliucci}, N.~E. and {Moore}, D.~F. and {Parashare}, C.~R.
              },
    title = "{A Technique for Primary Beam Calibration of Drift-scanning, Wide-field Antenna
              Elements}",
    journal = {\aj},
    archivePrefix = "arXiv",
    eprint = {1111.2882},
    primaryClass = "astro-ph.IM",
    keywords = {instrumentation: interferometers, methods: miscellaneous, techniques:
                interferometric},
    year = 2012,
    month = feb,
    volume = 143,
    eid = {53},
    pages = {53},
    doi = {10.1088/0004-6256/143/2/53},
    adsurl = {http://adsabs.harvard.edu/abs/2012AJ....143...53P},
    adsnote = {Provided by the SAO/NASA Astrophysics Data System}
}


